<record><leader>00000cas a22000007a 4500</leader><controlfield tag="001">22333490</controlfield><controlfield tag="008">900905c19729999ohuwr ne      0    0eng d</controlfield><datafield ind1=" " ind2=" " tag="010"><subfield code="a">sn 90068436 </subfield></datafield><datafield ind1=" " ind2=" " tag="040"><subfield code="a">ONP</subfield><subfield code="b">eng</subfield><subfield code="c">ONP</subfield><subfield code="d">OCLCQ</subfield></datafield><datafield ind1=" " ind2=" " tag="042"><subfield code="a">msc</subfield></datafield><datafield ind1="0" ind2=" " tag="130"><subfield code="a">West Side sun news (Cleveland, Ohio : 1972)</subfield></datafield><datafield ind1="1" ind2="0" tag="245"><subfield code="a">West Side sun news.</subfield></datafield><datafield ind1=" " ind2=" " tag="260"><subfield code="a">Cleveland, Ohio :</subfield><subfield code="b">ComCorp,</subfield><subfield code="c">1972-</subfield></datafield><datafield ind1=" " ind2=" " tag="300"><subfield code="a">v.</subfield></datafield><datafield ind1=" " ind2=" " tag="310"><subfield code="a">Weekly</subfield></datafield><datafield ind1="0" ind2=" " tag="362"><subfield code="a">Vol. 52, no. 36 (Sept. 7, 1972)-</subfield></datafield><datafield ind1=" " ind2=" " tag="752"><subfield code="a">United States</subfield><subfield code="b">Ohio</subfield><subfield code="c">Cuyahoga</subfield><subfield code="d">Cleveland.</subfield></datafield><datafield ind1="0" ind2="0" tag="780"><subfield code="t">West Side sun (Cleveland, Ohio)</subfield><subfield code="w">(DLC)sn 90068437</subfield></datafield></record>